@article{abc1,
	title        = {Institutions as a fundamental cause of long-run growth},
	author       = {Acemoglu, Daron and Johnson, Simon and Robinson, James A},
	year         = 2005,
	journal      = {Handbook of Economic Growth},
	publisher    = {Elsevier},
	volume       = 1,
	pages        = {385--472}
}
